@inproceedings{Ferret2015,
  title={Early and Late Combinations of Criteria for Reranking Distributional Thesauri},
  author={Olivier Ferret},
  booktitle={ACL},
  year={2015}
}

@inproceedings{RouvierF16,
  author    = {Mickael Rouvier and
               Beno{\^{\i}}t Favre},
  title     = {{SENSEI-LIF} at SemEval-2016 Task 4: Polarity embedding fusion for
               robust sentiment analysis},
  booktitle = {Proceedings of the 10th International Workshop on Semantic Evaluation,
               SemEval@NAACL-HLT 2016, San Diego, CA, USA, June 16-17, 2016},
  pages     = {202--208},
  year      = {2016},
  timestamp = {Fri, 30 Sep 2016 14:32:49 +0200},

}
@inproceedings{Agirre2007,
 author = {Agirre, Eneko and Soroa, Aitor},
 title = {Semeval-2007 Task 02: Evaluating Word Sense Induction and Discrimination Systems},
 booktitle = {Proceedings of the 4th International Workshop on Semantic Evaluations},
 series = {SemEval '07},
 year = {2007},
 location = {Prague, Czech Republic},
 pages = {7--12},
 numpages = {6},
 acmid = {1621476},
 publisher = {Association for Computational Linguistics},
 address = {Stroudsburg, PA, USA},
} 
@inproceedings{SangM03,
  author    = {Erik F. Tjong Kim Sang and
               Fien De Meulder},
  title     = {Introduction to the CoNLL-2003 Shared Task: Language-Independent Named
               Entity Recognition},
  booktitle = {CoNLL},
  pages     = {142--147},
  publisher = {{ACL}},
  year      = {2003}
}


@phdthesis{Daume2006,
 author = {Daume,III, Harold Charles},
 advisor = {Marcu, Daniel},
 title = {Practical Structured Learning Techniques for Natural Language Processing},
 year = {2006},
 isbn = {978-0-549-91968-1},
 note = {AAI3337548},
 publisher = {University of Southern California},
 address = {Los Angeles, CA, USA},
} 
@article{nadeau2007survey,
  title={A survey of named entity recognition and classification},
  author={Nadeau, David and Sekine, Satoshi},
  journal={Lingvisticae Investigationes},
  volume={30},
  number={1},
  pages={3--26},
  year={2007},
  publisher={John Benjamins publishing company}
}
@article{navigli2009word,
  title={Word sense disambiguation: A survey},
  author={Navigli, Roberto},
  journal={ACM Computing Surveys (CSUR)},
  volume={41},
  number={2},
  pages={10},
  year={2009},
  publisher={ACM}
}

@inproceedings{Collins2002,
 author = {Collins, Michael},
 title = {Discriminative Training Methods for Hidden Markov Models: Theory and Experiments with Perceptron Algorithms},
 booktitle = {Proceedings of the ACL-02 Conference on Empirical Methods in Natural Language Processing - Volume 10},
 series = {EMNLP '02},
 year = {2002},
 pages = {1--8},
 numpages = {8},
 doi = {10.3115/1118693.1118694},
 acmid = {1118694},
 publisher = {Association for Computational Linguistics},
 address = {Stroudsburg, PA, USA},
} 


@inproceedings{Balasuriya2009,
 author = {Balasuriya, Dominic and Ringland, Nicky and Nothman, Joel and Murphy, Tara and Curran, James R.},
 title = {Named Entity Recognition in Wikipedia},
 booktitle = {Proceedings of the 2009 Workshop on The People's Web Meets NLP: Collaboratively Constructed Semantic Resources},
 series = {People's Web '09},
 year = {2009},
 isbn = {978-1-932432-55-8},
 location = {Suntec, Singapore},
 pages = {10--18},
 numpages = {9},
 acmid = {1699767},
 publisher = {Association for Computational Linguistics},
 address = {Stroudsburg, PA, USA},
} 

@inproceedings{GialampoukidisM16,
  author    = {Ilias Gialampoukidis and
               Anastasia Moumtzidou and
               Dimitris Liparas and
               Stefanos Vrochidis and
               Ioannis Kompatsiaris},
  title     = {A hybrid graph-based and non-linear late fusion approach for multimedia
               retrieval},
  booktitle = {{CBMI}},
  pages     = {1--6},
  publisher = {{IEEE}},
  year      = {2016}
}

@inproceedings{yu2014informedia,
  title={Informedia@ trecvid 2014 med and mer},
  author={Yu, Shoou-I and Jiang, Lu and Mao, Zexi and Chang, Xiaojun and Du, Xingzhong and Gan, Chuang and Lan, Zhenzhong and Xu, Zhongwen and Li, Xuanchong and Cai, Yang and others},
  booktitle={NIST TRECVID Video Retrieval Evaluation Workshop},
  volume={24},
  year={2014}
}


@inproceedings{EisensteinD07,
  author    = {Jacob Eisenstein and
               Randall Davis},
  title     = {Conditional Modality Fusion for Coreference Resolution},
  booktitle = {{ACL}},
  publisher = {The Association for Computational Linguistics},
  year      = {2007}
}

@article{sklearn,
 title={Scikit-learn: Machine Learning in {P}ython},
 author={Pedregosa, F. and Varoquaux, G. and Gramfort, A. and Michel, V.
         and Thirion, B. and Grisel, O. and Blondel, M. and Prettenhofer, P.
         and Weiss, R. and Dubourg, V. and Vanderplas, J. and Passos, A. and
         Cournapeau, D. and Brucher, M. and Perrot, M. and Duchesnay, E.},
 journal={Journal of Machine Learning Research},
 volume={12},
 pages={2825--2830},
 year={2011}
}


@InProceedings{manning2014,
  author    = {Manning, Christopher D. and  Surdeanu, Mihai  and  Bauer, John  and  Finkel, Jenny  and  Bethard, Steven J. and  McClosky, David},
  title     = {The {Stanford} {CoreNLP} Natural Language Processing Toolkit},
  booktitle = {Association for Computational Linguistics (ACL) System Demonstrations},
  year      = {2014},
  pages     = {55--60},
}



@inproceedings{GoyalH14,
  author    = {Kartik Goyal and
               Eduard H. Hovy},
  title     = {Unsupervised Word Sense Induction using Distributional Statistics},
  booktitle = {{COLING}},
  pages     = {1302--1310},
  publisher = {{ACL}},
  year      = {2014}
}


@inproceedings{Panchenko2017,
  author    = {Panchenko, A. and Faralli, S. and Ponzetto, S. P. and Biemann, C.},
  title     = {Unsupervised Does Not Mean Uninterpretable: The Case for Word Sense Induction and Disambiguation},
  booktitle = {{Proceedings of the 15th Conference of the European Chapter of the Association for Computational
				Linguistics (EACL 2017)}},
  publisher = {The Association for Computer Linguistics},
  year      = {2017}
}


@inproceedings{LevyG14,
  author    = {Omer Levy and
               Yoav Goldberg},
  title     = {Dependency-Based Word Embeddings},
  booktitle = {{ACL} {(2)}},
  pages     = {302--308},
  publisher = {The Association for Computer Linguistics},
  year      = {2014}
}


@inproceedings{RatinovR09,
  author    = {Lev{-}Arie Ratinov and
               Dan Roth},
  title     = {Design Challenges and Misconceptions in Named Entity Recognition},
  booktitle = {CoNLL},
  pages     = {147--155},
  publisher = {{ACL}},
  year      = {2009}
}

@inproceedings{CruysA11,
  author    = {Tim Van de Cruys and
               Marianna Apidianaki},
  title     = {Latent Semantic Word Sense Induction and Disambiguation},
  booktitle = {{ACL}},
  pages     = {1476--1485},
  publisher = {The Association for Computer Linguistics},
  year      = {2011}
}

@inproceedings{VulicKCM16,
  author    = {Ivan Vulic and
               Douwe Kiela and
               Stephen Clark and
               Marie{-}Francine Moens},
  title     = {Multi-Modal Representations for Improved Bilingual Lexicon Learning},
  booktitle = {{ACL} {(2)}},
  publisher = {The Association for Computer Linguistics},
  year      = {2016}
}

@inproceedings{YuXBR16,
  author    = {Zhou Yu and
               Ziyu Xu and
               Alan W. Black and
               Alexander I. Rudnicky},
  title     = {Strategy and Policy Learning for Non-Task-Oriented Conversational
               Systems},
  booktitle = {{SIGDIAL} Conference},
  pages     = {404--412},
  publisher = {The Association for Computer Linguistics},
  year      = {2016}
}

@inproceedings{ShutovaKM16,
  author    = {Ekaterina Shutova and
               Douwe Kiela and
               Jean Maillard},
  title     = {Black Holes and White Rabbits: Metaphor Identification with Visual
               Features},
  booktitle = {{HLT-NAACL}},
  pages     = {160--170},
  publisher = {The Association for Computational Linguistics},
  year      = {2016}
}



@article{AtreyHEK10,
  author    = {Pradeep K. Atrey and
               M. Anwar Hossain and
               Abdulmotaleb El{-}Saddik and
               Mohan S. Kankanhalli},
  title     = {Multimodal fusion for multimedia analysis: a survey},
  journal   = {Multimedia Syst.},
  volume    = {16},
  number    = {6},
  pages     = {345--379},
  year      = {2010}
}



@inproceedings{KielaC15,
  author    = {Douwe Kiela and
               Stephen Clark},
  title     = {Multi- and Cross-Modal Semantics Beyond Vision: Grounding in Auditory
               Perception},
  booktitle = {{EMNLP}},
  pages     = {2461--2470},
  publisher = {The Association for Computational Linguistics},
  year      = {2015}
}

@article{BruniTB14,
  author    = {Elia Bruni and
               Nam{-}Khanh Tran and
               Marco Baroni},
  title     = {Multimodal Distributional Semantics},
  journal   = {J. Artif. Intell. Res. {(JAIR)}},
  volume    = {49},
  pages     = {1--47},
  year      = {2014}
}

@inproceedings{ClinchantAC11,
  author    = {St{\'{e}}phane Clinchant and
               Julien Ah{-}Pine and
               Gabriela Csurka},
  title     = {Semantic combination of textual and visual information in multimedia
               retrieval},
  booktitle = {{ICMR}},
  pages     = {44},
  publisher = {{ACM}},
  year      = {2011}
}



@inproceedings{PerezRosasMM13,
  author    = {Ver{\'{o}}nica P{\'{e}}rez{-}Rosas and
               Rada Mihalcea and
               Louis{-}Philippe Morency},
  title     = {Utterance-Level Multimodal Sentiment Analysis},
  booktitle = {{ACL} {(1)}},
  pages     = {973--982},
  publisher = {The Association for Computer Linguistics},
  year      = {2013}
}

@inproceedings{OzkanSM10,
  author    = {Derya Ozkan and
               Kenji Sagae and
               Louis{-}Philippe Morency},
  title     = {Latent Mixture of Discriminative Experts for Multimodal Prediction
               Modeling},
  booktitle = {{COLING}},
  pages     = {860--868},
  publisher = {Tsinghua University Press},
  year      = {2010}
}

@article{Ah-PineCC15,
  author    = {Julien Ah{-}Pine and
               Gabriela Csurka and
               St{\'{e}}phane Clinchant},
  title     = {Unsupervised Visual and Textual Information Fusion in {CBMIR} Using
               Graph-Based Methods},
  journal   = {{ACM} Trans. Inf. Syst.},
  volume    = {33},
  number    = {2},
  pages     = {9:1--9:31},
  year      = {2015}
}